<?xml version="1.0" encoding="UTF-8"?><collection xmlns="http://www.loc.gov/MARC21/slim"><record><leader>00336nam--2200133-i-4500</leader><controlfield tag="001">000041258</controlfield><controlfield tag="002">20161230</controlfield><controlfield tag="005">20161230201043</controlfield><controlfield tag="008">060222s1000------------r-----000-0-eng-d</controlfield><datafield ind1=" " ind2=" " tag="080"><subfield code="a">539.1.07:621.3.58</subfield></datafield><datafield ind1=" " ind2=" " tag="100"><subfield code="a">Serban,D.Si Gaspar,E</subfield></datafield><datafield ind1=" " ind2=" " tag="245"><subfield code="a">Elemente de radioprotectie</subfield></datafield><datafield ind1=" " ind2=" " tag="260"><subfield code="a">Bucuresti, Ed.Tehnica, 1976. 338 P</subfield></datafield><datafield ind1=" " ind2=" " tag="852"><subfield code="a">43604</subfield></datafield></record></collection>